@misc{Hall,
author = {Hall, Brian "Beej Jorgensen"},
title = {{Beej's Guide to Network Programming}},
note = { \url{http://beej.us/guide/bgnet/output/html/multipage/index.html}},
urldate = {21/02/14}
}

@book{peterson2007computer,
  title={ Computer networks: a systems approach},
  author={ Peterson, Larry L and Davie, Bruce S},
  year={2007},
  publisher={Elsevier}
}